<?xml version="1.0" encoding="UTF-8"?>
<collection xmlns:xsi="http://www.w3.org/2001/XMLSchema-instance" xsi:schemaLocation="http://www.loc.gov/MARC21/slim http://www.loc.gov/standards/marcxml/schema/MARC21slim.xsd" xmlns="http://www.loc.gov/MARC21/slim">
<record>
  <leader>01273mam a2200301 a 4500</leader>
  <controlfield tag="001">1519724</controlfield>
  <controlfield tag="003">NNC</controlfield>
  <controlfield tag="005">20140317143820.0</controlfield>
  <controlfield tag="008">930914r1966    iq       b    001 0 ara  </controlfield>
  <datafield tag="035" ind1=" " ind2=" ">
    <subfield code="a">(OCoLC)31742266</subfield>
  </datafield>
  <datafield tag="035" ind1=" " ind2=" ">
    <subfield code="a">(OCoLC)ocm31742266</subfield>
  </datafield>
  <datafield tag="035" ind1=" " ind2=" ">
    <subfield code="9">AJW6312CU</subfield>
  </datafield>
  <datafield tag="035" ind1=" " ind2=" ">
    <subfield code="a">(NNC)1519724</subfield>
  </datafield>
  <datafield tag="035" ind1=" " ind2=" ">
    <subfield code="a">1519724</subfield>
  </datafield>
  <datafield tag="040" ind1=" " ind2=" ">
    <subfield code="a">CU-SB</subfield>
    <subfield code="c">CU-SB</subfield>
    <subfield code="d">NNU</subfield>
  </datafield>
  <datafield tag="041" ind1="0" ind2=" ">
    <subfield code="a">ara</subfield>
    <subfield code="b">ger</subfield>
  </datafield>
  <datafield tag="100" ind1="0" ind2=" ">
    <subfield code="a">Ruʼbah ibn al-ʻAjjāj,</subfield>
    <subfield code="d">-762?</subfield>
  </datafield>
  <datafield tag="240" ind1="1" ind2="0">
    <subfield code="a">Poems</subfield>
  </datafield>
  <datafield tag="245" ind1="1" ind2="0">
    <subfield code="a">Majmūʻ ashʻār al-ʻArab, wa-huwa mushtamil ʻalá Dīwān Ruʾbah ibn al-ʻAjjāj :</subfield>
    <subfield code="b">wa-ʻalá abyāt mufradāt mansūbah ilayhi /</subfield>
    <subfield code="c">iʻtaná bi-taṣḥīḥihi wa-tartībihi Wilyam ibn Alward "al-Burūsī".</subfield>
  </datafield>
  <datafield tag="260" ind1=" " ind2=" ">
    <subfield code="a">Baghdād :</subfield>
    <subfield code="b">yuṭlabu min Maktabat al-Muthanná,</subfield>
    <subfield code="c">1966</subfield>
  </datafield>
  <datafield tag="300" ind1=" " ind2=" ">
    <subfield code="a">191, 122, cxii ;</subfield>
    <subfield code="c">25 cm.</subfield>
  </datafield>
  <datafield tag="500" ind1=" " ind2=" ">
    <subfield code="a">Introd. and notes in German.</subfield>
  </datafield>
  <datafield tag="500" ind1=" " ind2=" ">
    <subfield code="a">Title on added t.p.: Sammlungen alter arabischer Dichter, Der Dīwān des Reḡezdichters Rūba ben elA̓ḡḡāḡ.</subfield>
  </datafield>
  <datafield tag="534" ind1=" " ind2=" ">
    <subfield code="p">Originally published:</subfield>
    <subfield code="c">Berlin : Reuther &amp; Reichard, 1903.</subfield>
  </datafield>
  <datafield tag="700" ind1="1" ind2=" ">
    <subfield code="a">Ahlwardt, W.</subfield>
    <subfield code="q">(Wilhelm),</subfield>
    <subfield code="d">1828-1909.</subfield>
  </datafield>
  <datafield tag="740" ind1="0" ind2=" ">
    <subfield code="a">Dīwān Ruʾbah ibn al-ʻAjjāj.</subfield>
  </datafield>
  <datafield tag="740" ind1="0" ind2=" ">
    <subfield code="a">Sammlungen alter arabischer Dichter.</subfield>
  </datafield>
  <datafield tag="740" ind1="0" ind2=" ">
    <subfield code="a">Dīwān des Reḡezdichters Rūba ben elA̓ḡḡāḡ.</subfield>
  </datafield>
  <datafield tag="955" ind1=" " ind2=" ">
    <subfield code="b">CU01071742</subfield>
    <subfield code="d">off,glx</subfield>
    <subfield code="e">PJ7700.R8 A17</subfield>
  </datafield>
</record>
</collection>